%YAML 1.1
%TAG !u! tag:unity3d.com,2011:
--- !u!65 &3513080363370722709
BoxCollider:
  m_ObjectHideFlags: 0
  m_CorrespondingSourceObject: {fileID: 0}
  m_PrefabInstance: {fileID: 0}
  m_PrefabAsset: {fileID: 0}
  m_GameObject: {fileID: 344609397190775332}
  m_Material: {fileID: 0}
  m_IsTrigger: 0
  m_Enabled: 1
  serializedVersion: 2
  m_Size: {x: 1.22, y: 2.66, z: 7.33}
  m_Center: {x: 0, y: 0, z: 3.69}
--- !u!1 &3392776782986029681
GameObject:
  m_ObjectHideFlags: 0
  m_CorrespondingSourceObject: {fileID: 0}
  m_PrefabInstance: {fileID: 0}
  m_PrefabAsset: {fileID: 0}
  serializedVersion: 6
  m_Component:
  - component: {fileID: 3392776782986029680}
  - component: {fileID: 3392776782986029694}
  - component: {fileID: 3392776782986029695}
  m_Layer: 5
  m_Name: Image
  m_TagString: Untagged
  m_Icon: {fileID: 0}
  m_NavMeshLayer: 0
  m_StaticEditorFlags: 0
  m_IsActive: 1
--- !u!224 &3392776782986029680
RectTransform:
  m_ObjectHideFlags: 0
  m_CorrespondingSourceObject: {fileID: 0}
  m_PrefabInstance: {fileID: 0}
  m_PrefabAsset: {fileID: 0}
  m_GameObject: {fileID: 3392776782986029681}
  m_LocalRotation: {x: 0, y: 0, z: 0, w: 1}
  m_LocalPosition: {x: 0, y: 0, z: 0}
  m_LocalScale: {x: 1, y: 1, z: 1}
  m_Children: []
  m_Father: {fileID: 3392776783212908843}
  m_RootOrder: 0
  m_LocalEulerAnglesHint: {x: 0, y: 0, z: 0}
  m_AnchorMin: {x: 0, y: 0}
  m_AnchorMax: {x: 1, y: 1}
  m_AnchoredPosition: {x: 0, y: 0}
  m_SizeDelta: {x: -0.2, y: -0.2}
  m_Pivot: {x: 0.5, y: 0.5}
--- !u!222 &3392776782986029694
CanvasRenderer:
  m_ObjectHideFlags: 0
  m_CorrespondingSourceObject: {fileID: 0}
  m_PrefabInstance: {fileID: 0}
  m_PrefabAsset: {fileID: 0}
  m_GameObject: {fileID: 3392776782986029681}
  m_CullTransparentMesh: 0
--- !u!114 &3392776782986029695
MonoBehaviour:
  m_ObjectHideFlags: 0
  m_CorrespondingSourceObject: {fileID: 0}
  m_PrefabInstance: {fileID: 0}
  m_PrefabAsset: {fileID: 0}
  m_GameObject: {fileID: 3392776782986029681}
  m_Enabled: 1
  m_EditorHideFlags: 0
  m_Script: {fileID: 11500000, guid: fe87c0e1cc204ed48ad3b37840f39efc, type: 3}
  m_Name: 
  m_EditorClassIdentifier: 
  m_Material: {fileID: 0}
  m_Color: {r: 0, g: 0, b: 0, a: 1}
  m_RaycastTarget: 1
  m_Maskable: 1
  m_OnCullStateChanged:
    m_PersistentCalls:
      m_Calls: []
  m_Sprite: {fileID: 21300000, guid: 5eacf1bc5a372724c820549a1a056666, type: 3}
  m_Type: 0
  m_PreserveAspect: 0
  m_FillCenter: 1
  m_FillMethod: 4
  m_FillAmount: 1
  m_FillClockwise: 1
  m_FillOrigin: 0
  m_UseSpriteMesh: 0
  m_PixelsPerUnitMultiplier: 1
--- !u!1 &3392776783212908844
GameObject:
  m_ObjectHideFlags: 0
  m_CorrespondingSourceObject: {fileID: 0}
  m_PrefabInstance: {fileID: 0}
  m_PrefabAsset: {fileID: 0}
  serializedVersion: 6
  m_Component:
  - component: {fileID: 3392776783212908843}
  - component: {fileID: 3392776783212908841}
  - component: {fileID: 3392776783212908842}
  m_Layer: 5
  m_Name: Image
  m_TagString: Untagged
  m_Icon: {fileID: 0}
  m_NavMeshLayer: 0
  m_StaticEditorFlags: 0
  m_IsActive: 0
--- !u!224 &3392776783212908843
RectTransform:
  m_ObjectHideFlags: 0
  m_CorrespondingSourceObject: {fileID: 0}
  m_PrefabInstance: {fileID: 0}
  m_PrefabAsset: {fileID: 0}
  m_GameObject: {fileID: 3392776783212908844}
  m_LocalRotation: {x: -0, y: -0, z: -0, w: 1}
  m_LocalPosition: {x: 0, y: 0, z: 0}
  m_LocalScale: {x: 1, y: 1, z: 1}
  m_Children:
  - {fileID: 3392776782986029680}
  m_Father: {fileID: 3392776784088175900}
  m_RootOrder: 0
  m_LocalEulerAnglesHint: {x: 0, y: 0, z: 0}
  m_AnchorMin: {x: 0, y: 0}
  m_AnchorMax: {x: 1, y: 1}
  m_AnchoredPosition: {x: 0, y: 0}
  m_SizeDelta: {x: 0, y: 0}
  m_Pivot: {x: 0.5, y: 0.5}
--- !u!222 &3392776783212908841
CanvasRenderer:
  m_ObjectHideFlags: 0
  m_CorrespondingSourceObject: {fileID: 0}
  m_PrefabInstance: {fileID: 0}
  m_PrefabAsset: {fileID: 0}
  m_GameObject: {fileID: 3392776783212908844}
  m_CullTransparentMesh: 0
--- !u!114 &3392776783212908842
MonoBehaviour:
  m_ObjectHideFlags: 0
  m_CorrespondingSourceObject: {fileID: 0}
  m_PrefabInstance: {fileID: 0}
  m_PrefabAsset: {fileID: 0}
  m_GameObject: {fileID: 3392776783212908844}
  m_Enabled: 1
  m_EditorHideFlags: 0
  m_Script: {fileID: 11500000, guid: fe87c0e1cc204ed48ad3b37840f39efc, type: 3}
  m_Name: 
  m_EditorClassIdentifier: 
  m_Material: {fileID: 0}
  m_Color: {r: 1, g: 0.8765044, b: 0.25, a: 1}
  m_RaycastTarget: 1
  m_Maskable: 1
  m_OnCullStateChanged:
    m_PersistentCalls:
      m_Calls: []
  m_Sprite: {fileID: 21300000, guid: 5eacf1bc5a372724c820549a1a056666, type: 3}
  m_Type: 3
  m_PreserveAspect: 0
  m_FillCenter: 1
  m_FillMethod: 4
  m_FillAmount: 1
  m_FillClockwise: 1
  m_FillOrigin: 0
  m_UseSpriteMesh: 0
  m_PixelsPerUnitMultiplier: 1
--- !u!1 &3392776784088175889
GameObject:
  m_ObjectHideFlags: 0
  m_CorrespondingSourceObject: {fileID: 0}
  m_PrefabInstance: {fileID: 0}
  m_PrefabAsset: {fileID: 0}
  serializedVersion: 6
  m_Component:
  - component: {fileID: 3392776784088175900}
  - component: {fileID: 3392776784088175901}
  - component: {fileID: 3392776784088175902}
  - component: {fileID: 3392776784088175903}
  - component: {fileID: 3392776784088175888}
  m_Layer: 5
  m_Name: DamageDeliverCanvas
  m_TagString: Untagged
  m_Icon: {fileID: 0}
  m_NavMeshLayer: 0
  m_StaticEditorFlags: 0
  m_IsActive: 1
--- !u!224 &3392776784088175900
RectTransform:
  m_ObjectHideFlags: 0
  m_CorrespondingSourceObject: {fileID: 0}
  m_PrefabInstance: {fileID: 0}
  m_PrefabAsset: {fileID: 0}
  m_GameObject: {fileID: 3392776784088175889}
  m_LocalRotation: {x: 0, y: 0, z: 0, w: 1}
  m_LocalPosition: {x: 0, y: 0, z: 0}
  m_LocalScale: {x: 0.6, y: 0.6, z: 0.6}
  m_Children:
  - {fileID: 3392776783212908843}
  m_Father: {fileID: 7436996947794200424}
  m_RootOrder: 2
  m_LocalEulerAnglesHint: {x: 0, y: 0, z: 0}
  m_AnchorMin: {x: 0, y: 0}
  m_AnchorMax: {x: 0, y: 0}
  m_AnchoredPosition: {x: 0, y: 1.68}
  m_SizeDelta: {x: 0.5, y: 0.5}
  m_Pivot: {x: 0.5, y: 0.5}
--- !u!223 &3392776784088175901
Canvas:
  m_ObjectHideFlags: 0
  m_CorrespondingSourceObject: {fileID: 0}
  m_PrefabInstance: {fileID: 0}
  m_PrefabAsset: {fileID: 0}
  m_GameObject: {fileID: 3392776784088175889}
  m_Enabled: 1
  serializedVersion: 3
  m_RenderMode: 2
  m_Camera: {fileID: 0}
  m_PlaneDistance: 100
  m_PixelPerfect: 0
  m_ReceivesEvents: 1
  m_OverrideSorting: 0
  m_OverridePixelPerfect: 0
  m_SortingBucketNormalizedSize: 0
  m_AdditionalShaderChannelsFlag: 0
  m_SortingLayerID: 0
  m_SortingOrder: 0
  m_TargetDisplay: 0
--- !u!114 &3392776784088175902
MonoBehaviour:
  m_ObjectHideFlags: 0
  m_CorrespondingSourceObject: {fileID: 0}
  m_PrefabInstance: {fileID: 0}
  m_PrefabAsset: {fileID: 0}
  m_GameObject: {fileID: 3392776784088175889}
  m_Enabled: 1
  m_EditorHideFlags: 0
  m_Script: {fileID: 11500000, guid: 0cd44c1031e13a943bb63640046fad76, type: 3}
  m_Name: 
  m_EditorClassIdentifier: 
  m_UiScaleMode: 0
  m_ReferencePixelsPerUnit: 100
  m_ScaleFactor: 1
  m_ReferenceResolution: {x: 800, y: 600}
  m_ScreenMatchMode: 0
  m_MatchWidthOrHeight: 0
  m_PhysicalUnit: 3
  m_FallbackScreenDPI: 96
  m_DefaultSpriteDPI: 96
  m_DynamicPixelsPerUnit: 1
--- !u!114 &3392776784088175903
MonoBehaviour:
  m_ObjectHideFlags: 0
  m_CorrespondingSourceObject: {fileID: 0}
  m_PrefabInstance: {fileID: 0}
  m_PrefabAsset: {fileID: 0}
  m_GameObject: {fileID: 3392776784088175889}
  m_Enabled: 1
  m_EditorHideFlags: 0
  m_Script: {fileID: 11500000, guid: dc42784cf147c0c48a680349fa168899, type: 3}
  m_Name: 
  m_EditorClassIdentifier: 
  m_IgnoreReversedGraphics: 1
  m_BlockingObjects: 0
  m_BlockingMask:
    serializedVersion: 2
    m_Bits: 4294967295
--- !u!114 &3392776784088175888
MonoBehaviour:
  m_ObjectHideFlags: 0
  m_CorrespondingSourceObject: {fileID: 0}
  m_PrefabInstance: {fileID: 0}
  m_PrefabAsset: {fileID: 0}
  m_GameObject: {fileID: 3392776784088175889}
  m_Enabled: 1
  m_EditorHideFlags: 0
  m_Script: {fileID: 11500000, guid: 202312e4e4eb3874795ea498b07d80af, type: 3}
  m_Name: 
  m_EditorClassIdentifier: 
  ReferenceCamera: {fileID: 0}
  ReverseFace: 1
  axis: 0
--- !u!1 &7817780555495267794
GameObject:
  m_ObjectHideFlags: 0
  m_CorrespondingSourceObject: {fileID: 0}
  m_PrefabInstance: {fileID: 0}
  m_PrefabAsset: {fileID: 0}
  serializedVersion: 6
  m_Component:
  - component: {fileID: 7436996947794200424}
  - component: {fileID: 5668739299651175273}
  - component: {fileID: 1061457779678299690}
  - component: {fileID: 3392700970135317181}
  - component: {fileID: 3392700970135317180}
  - component: {fileID: 1096136672059225570}
  - component: {fileID: 3392700970135317178}
  - component: {fileID: 5566795327525572784}
  - component: {fileID: 4662656898244814466}
  m_Layer: 10
  m_Name: Mob_Boss1_Jumper
  m_TagString: Physics
  m_Icon: {fileID: 0}
  m_NavMeshLayer: 0
  m_StaticEditorFlags: 0
  m_IsActive: 1
--- !u!4 &7436996947794200424
Transform:
  m_ObjectHideFlags: 0
  m_CorrespondingSourceObject: {fileID: 0}
  m_PrefabInstance: {fileID: 0}
  m_PrefabAsset: {fileID: 0}
  m_GameObject: {fileID: 7817780555495267794}
  m_LocalRotation: {x: 0, y: 0, z: 0, w: 1}
  m_LocalPosition: {x: 3.97, y: 0.93, z: -2.552}
  m_LocalScale: {x: 1, y: 1, z: 1}
  m_Children:
  - {fileID: 4043805427860186714}
  - {fileID: 1117909512563525790}
  - {fileID: 3392776784088175900}
  - {fileID: 6725784016212637206}
  m_Father: {fileID: 0}
  m_RootOrder: 0
  m_LocalEulerAnglesHint: {x: 0, y: 0, z: 0}
--- !u!95 &5668739299651175273
Animator:
  serializedVersion: 3
  m_ObjectHideFlags: 0
  m_CorrespondingSourceObject: {fileID: 0}
  m_PrefabInstance: {fileID: 0}
  m_PrefabAsset: {fileID: 0}
  m_GameObject: {fileID: 7817780555495267794}
  m_Enabled: 1
  m_Avatar: {fileID: 9000000, guid: 4438f9404303b424e86b11a2a2e7e6e5, type: 3}
  m_Controller: {fileID: 9100000, guid: 26331f47c449cd34b93d22bd1321ef47, type: 2}
  m_CullingMode: 0
  m_UpdateMode: 0
  m_ApplyRootMotion: 0
  m_LinearVelocityBlending: 0
  m_WarningMessage: 
  m_HasTransformHierarchy: 1
  m_AllowConstantClipSamplingOptimization: 1
  m_KeepAnimatorControllerStateOnDisable: 0
--- !u!195 &1061457779678299690
NavMeshAgent:
  m_ObjectHideFlags: 0
  m_CorrespondingSourceObject: {fileID: 0}
  m_PrefabInstance: {fileID: 0}
  m_PrefabAsset: {fileID: 0}
  m_GameObject: {fileID: 7817780555495267794}
  m_Enabled: 0
  m_AgentTypeID: -1372625422
  m_Radius: 0.43
  m_Speed: 3.5
  m_Acceleration: 8
  avoidancePriority: 50
  m_AngularSpeed: 120
  m_StoppingDistance: 0.25
  m_AutoTraverseOffMeshLink: 1
  m_AutoBraking: 1
  m_AutoRepath: 1
  m_Height: 0.39
  m_BaseOffset: 0
  m_WalkableMask: 4294967295
  m_ObstacleAvoidanceType: 3
--- !u!54 &3392700970135317181
Rigidbody:
  m_ObjectHideFlags: 0
  m_CorrespondingSourceObject: {fileID: 0}
  m_PrefabInstance: {fileID: 0}
  m_PrefabAsset: {fileID: 0}
  m_GameObject: {fileID: 7817780555495267794}
  serializedVersion: 2
  m_Mass: 25
  m_Drag: 0
  m_AngularDrag: 0.05
  m_UseGravity: 1
  m_IsKinematic: 0
  m_Interpolate: 1
  m_Constraints: 112
  m_CollisionDetection: 0
--- !u!135 &3392700970135317180
SphereCollider:
  m_ObjectHideFlags: 0
  m_CorrespondingSourceObject: {fileID: 0}
  m_PrefabInstance: {fileID: 0}
  m_PrefabAsset: {fileID: 0}
  m_GameObject: {fileID: 7817780555495267794}
  m_Material: {fileID: 0}
  m_IsTrigger: 0
  m_Enabled: 1
  serializedVersion: 2
  m_Radius: 0.73
  m_Center: {x: 0, y: 0.7, z: 0}
--- !u!114 &1096136672059225570
MonoBehaviour:
  m_ObjectHideFlags: 0
  m_CorrespondingSourceObject: {fileID: 0}
  m_PrefabInstance: {fileID: 0}
  m_PrefabAsset: {fileID: 0}
  m_GameObject: {fileID: 7817780555495267794}
  m_Enabled: 1
  m_EditorHideFlags: 0
  m_Script: {fileID: 11500000, guid: 18411eae099a77044b8b6945d8580850, type: 3}
  m_Name: 
  m_EditorClassIdentifier: 
  myInitData: {fileID: 11400000, guid: 4a0162c61c3661d4ea67057cf1fd7734, type: 2}
  Counter: {fileID: 3392776783212908842}
  ActivateCounter: 0
  ParticleOffset: {x: 0, y: 0, z: 0}
  _FlashDuration: 0
  BodyRenderer: {fileID: 5101600742408993124}
--- !u!114 &3392700970135317178
MonoBehaviour:
  m_ObjectHideFlags: 0
  m_CorrespondingSourceObject: {fileID: 0}
  m_PrefabInstance: {fileID: 0}
  m_PrefabAsset: {fileID: 0}
  m_GameObject: {fileID: 7817780555495267794}
  m_Enabled: 1
  m_EditorHideFlags: 0
  m_Script: {fileID: 11500000, guid: 3445f39f2ba4948468648fa1782beb96, type: 3}
  m_Name: 
  m_EditorClassIdentifier: 
  isPlayer: 0
  EnableSlopeDetection: 0
  DynamicSlopeDetection: 0
  RayOffset: -0.15
  MovementUpdateInterval: 0.38
  TurnRatePreferences: 1
  MovementPreferences: 0
  HeightSlopeDetection: 0.08
  MaxGroundAngle: 105
  heightPadding: 0.05
  GroundMask:
    serializedVersion: 2
    m_Bits: 256
  SlopeHeightClimbMult: 25
  turnSpeed: 45
  MoveSpeed: 0.5
  maxCollider: 3
--- !u!114 &5566795327525572784
MonoBehaviour:
  m_ObjectHideFlags: 0
  m_CorrespondingSourceObject: {fileID: 0}
  m_PrefabInstance: {fileID: 0}
  m_PrefabAsset: {fileID: 0}
  m_GameObject: {fileID: 7817780555495267794}
  m_Enabled: 1
  m_EditorHideFlags: 0
  m_Script: {fileID: 11500000, guid: 5b665f2cb91c0484a8f457482ef4965e, type: 3}
  m_Name: 
  m_EditorClassIdentifier: 
--- !u!114 &4662656898244814466
MonoBehaviour:
  m_ObjectHideFlags: 0
  m_CorrespondingSourceObject: {fileID: 0}
  m_PrefabInstance: {fileID: 0}
  m_PrefabAsset: {fileID: 0}
  m_GameObject: {fileID: 7817780555495267794}
  m_Enabled: 1
  m_EditorHideFlags: 0
  m_Script: {fileID: 11500000, guid: 3ba75a8ac6ad5b44181947e2f04dd17b, type: 3}
  m_Name: 
  m_EditorClassIdentifier: 
  _BossBehaviorState: 2
  myLaserAnim: {fileID: 6441185491447239396}
  Target: {fileID: 0}
--- !u!1001 &579035508523167605
PrefabInstance:
  m_ObjectHideFlags: 0
  serializedVersion: 2
  m_Modification:
    m_TransformParent: {fileID: 7436996947794200424}
    m_Modifications:
    - target: {fileID: -8679921383154817045, guid: 3c60ceb5ae355af40974af047ded5cc4,
        type: 3}
      propertyPath: m_LocalPosition.x
      value: 0
      objectReference: {fileID: 0}
    - target: {fileID: -8679921383154817045, guid: 3c60ceb5ae355af40974af047ded5cc4,
        type: 3}
      propertyPath: m_LocalPosition.y
      value: 1.65
      objectReference: {fileID: 0}
    - target: {fileID: -8679921383154817045, guid: 3c60ceb5ae355af40974af047ded5cc4,
        type: 3}
      propertyPath: m_LocalPosition.z
      value: 1.97
      objectReference: {fileID: 0}
    - target: {fileID: -8679921383154817045, guid: 3c60ceb5ae355af40974af047ded5cc4,
        type: 3}
      propertyPath: m_LocalRotation.x
      value: 0
      objectReference: {fileID: 0}
    - target: {fileID: -8679921383154817045, guid: 3c60ceb5ae355af40974af047ded5cc4,
        type: 3}
      propertyPath: m_LocalRotation.y
      value: 0
      objectReference: {fileID: 0}
    - target: {fileID: -8679921383154817045, guid: 3c60ceb5ae355af40974af047ded5cc4,
        type: 3}
      propertyPath: m_LocalRotation.z
      value: 0
      objectReference: {fileID: 0}
    - target: {fileID: -8679921383154817045, guid: 3c60ceb5ae355af40974af047ded5cc4,
        type: 3}
      propertyPath: m_LocalRotation.w
      value: 1
      objectReference: {fileID: 0}
    - target: {fileID: -8679921383154817045, guid: 3c60ceb5ae355af40974af047ded5cc4,
        type: 3}
      propertyPath: m_RootOrder
      value: 1
      objectReference: {fileID: 0}
    - target: {fileID: -8679921383154817045, guid: 3c60ceb5ae355af40974af047ded5cc4,
        type: 3}
      propertyPath: m_LocalEulerAnglesHint.x
      value: 0
      objectReference: {fileID: 0}
    - target: {fileID: -8679921383154817045, guid: 3c60ceb5ae355af40974af047ded5cc4,
        type: 3}
      propertyPath: m_LocalEulerAnglesHint.y
      value: 0
      objectReference: {fileID: 0}
    - target: {fileID: -8679921383154817045, guid: 3c60ceb5ae355af40974af047ded5cc4,
        type: 3}
      propertyPath: m_LocalEulerAnglesHint.z
      value: 0
      objectReference: {fileID: 0}
    - target: {fileID: -8325045403252120540, guid: 3c60ceb5ae355af40974af047ded5cc4,
        type: 3}
      propertyPath: m_Layer
      value: 10
      objectReference: {fileID: 0}
    - target: {fileID: -7621591670739048505, guid: 3c60ceb5ae355af40974af047ded5cc4,
        type: 3}
      propertyPath: m_LocalEulerAnglesHint.x
      value: 0.000010305918
      objectReference: {fileID: 0}
    - target: {fileID: -7621591670739048505, guid: 3c60ceb5ae355af40974af047ded5cc4,
        type: 3}
      propertyPath: m_LocalEulerAnglesHint.y
      value: 0.00001105487
      objectReference: {fileID: 0}
    - target: {fileID: -7621591670739048505, guid: 3c60ceb5ae355af40974af047ded5cc4,
        type: 3}
      propertyPath: m_LocalEulerAnglesHint.z
      value: -0.000012688891
      objectReference: {fileID: 0}
    - target: {fileID: -6878884258475607040, guid: 3c60ceb5ae355af40974af047ded5cc4,
        type: 3}
      propertyPath: m_Layer
      value: 10
      objectReference: {fileID: 0}
    - target: {fileID: -5992574452369262341, guid: 3c60ceb5ae355af40974af047ded5cc4,
        type: 3}
      propertyPath: m_LocalEulerAnglesHint.x
      value: 0
      objectReference: {fileID: 0}
    - target: {fileID: -5992574452369262341, guid: 3c60ceb5ae355af40974af047ded5cc4,
        type: 3}
      propertyPath: m_LocalEulerAnglesHint.y
      value: -0.0000019009381
      objectReference: {fileID: 0}
    - target: {fileID: -5992574452369262341, guid: 3c60ceb5ae355af40974af047ded5cc4,
        type: 3}
      propertyPath: m_LocalEulerAnglesHint.z
      value: 0
      objectReference: {fileID: 0}
    - target: {fileID: -5754620210837699026, guid: 3c60ceb5ae355af40974af047ded5cc4,
        type: 3}
      propertyPath: m_Layer
      value: 10
      objectReference: {fileID: 0}
    - target: {fileID: -5651751901618623305, guid: 3c60ceb5ae355af40974af047ded5cc4,
        type: 3}
      propertyPath: m_LocalEulerAnglesHint.x
      value: 89.98022
      objectReference: {fileID: 0}
    - target: {fileID: -5621302456439335336, guid: 3c60ceb5ae355af40974af047ded5cc4,
        type: 3}
      propertyPath: m_Layer
      value: 10
      objectReference: {fileID: 0}
    - target: {fileID: -4588694497253984855, guid: 3c60ceb5ae355af40974af047ded5cc4,
        type: 3}
      propertyPath: m_Layer
      value: 10
      objectReference: {fileID: 0}
    - target: {fileID: -3232823572950633670, guid: 3c60ceb5ae355af40974af047ded5cc4,
        type: 3}
      propertyPath: m_Layer
      value: 10
      objectReference: {fileID: 0}
    - target: {fileID: -2369749560568209852, guid: 3c60ceb5ae355af40974af047ded5cc4,
        type: 3}
      propertyPath: m_Layer
      value: 10
      objectReference: {fileID: 0}
    - target: {fileID: -2210751783830803841, guid: 3c60ceb5ae355af40974af047ded5cc4,
        type: 3}
      propertyPath: m_LocalEulerAnglesHint.x
      value: 0.000016047205
      objectReference: {fileID: 0}
    - target: {fileID: -2210751783830803841, guid: 3c60ceb5ae355af40974af047ded5cc4,
        type: 3}
      propertyPath: m_LocalEulerAnglesHint.y
      value: 0.00008161048
      objectReference: {fileID: 0}
    - target: {fileID: -2210751783830803841, guid: 3c60ceb5ae355af40974af047ded5cc4,
        type: 3}
      propertyPath: m_LocalEulerAnglesHint.z
      value: 0.000018206792
      objectReference: {fileID: 0}
    - target: {fileID: -2176582168958426946, guid: 3c60ceb5ae355af40974af047ded5cc4,
        type: 3}
      propertyPath: m_Layer
      value: 10
      objectReference: {fileID: 0}
    - target: {fileID: -1804478283178633143, guid: 3c60ceb5ae355af40974af047ded5cc4,
        type: 3}
      propertyPath: m_Layer
      value: 10
      objectReference: {fileID: 0}
    - target: {fileID: -1768841413305801272, guid: 3c60ceb5ae355af40974af047ded5cc4,
        type: 3}
      propertyPath: m_Layer
      value: 10
      objectReference: {fileID: 0}
    - target: {fileID: -1709061621101417305, guid: 3c60ceb5ae355af40974af047ded5cc4,
        type: 3}
      propertyPath: m_LocalEulerAnglesHint.x
      value: 89.98022
      objectReference: {fileID: 0}
    - target: {fileID: -1335429768625999929, guid: 3c60ceb5ae355af40974af047ded5cc4,
        type: 3}
      propertyPath: m_LocalEulerAnglesHint.x
      value: 0
      objectReference: {fileID: 0}
    - target: {fileID: -1335429768625999929, guid: 3c60ceb5ae355af40974af047ded5cc4,
        type: 3}
      propertyPath: m_LocalEulerAnglesHint.y
      value: -0.0000040939703
      objectReference: {fileID: 0}
    - target: {fileID: -1335429768625999929, guid: 3c60ceb5ae355af40974af047ded5cc4,
        type: 3}
      propertyPath: m_LocalEulerAnglesHint.z
      value: 0
      objectReference: {fileID: 0}
    - target: {fileID: -828498649030358813, guid: 3c60ceb5ae355af40974af047ded5cc4,
        type: 3}
      propertyPath: m_Layer
      value: 10
      objectReference: {fileID: 0}
    - target: {fileID: -639335977336893836, guid: 3c60ceb5ae355af40974af047ded5cc4,
        type: 3}
      propertyPath: m_Layer
      value: 10
      objectReference: {fileID: 0}
    - target: {fileID: -624023142009469006, guid: 3c60ceb5ae355af40974af047ded5cc4,
        type: 3}
      propertyPath: m_LocalEulerAnglesHint.x
      value: 89.98022
      objectReference: {fileID: 0}
    - target: {fileID: -418584957699689340, guid: 3c60ceb5ae355af40974af047ded5cc4,
        type: 3}
      propertyPath: m_Layer
      value: 10
      objectReference: {fileID: 0}
    - target: {fileID: 66195460482403830, guid: 3c60ceb5ae355af40974af047ded5cc4,
        type: 3}
      propertyPath: m_Layer
      value: 10
      objectReference: {fileID: 0}
    - target: {fileID: 741808593568725213, guid: 3c60ceb5ae355af40974af047ded5cc4,
        type: 3}
      propertyPath: m_Layer
      value: 10
      objectReference: {fileID: 0}
    - target: {fileID: 897146649249812813, guid: 3c60ceb5ae355af40974af047ded5cc4,
        type: 3}
      propertyPath: m_Layer
      value: 10
      objectReference: {fileID: 0}
    - target: {fileID: 919132149155446097, guid: 3c60ceb5ae355af40974af047ded5cc4,
        type: 3}
      propertyPath: m_Name
      value: effect laser beam final
      objectReference: {fileID: 0}
    - target: {fileID: 919132149155446097, guid: 3c60ceb5ae355af40974af047ded5cc4,
        type: 3}
      propertyPath: m_Layer
      value: 10
      objectReference: {fileID: 0}
    - target: {fileID: 1366122231024220069, guid: 3c60ceb5ae355af40974af047ded5cc4,
        type: 3}
      propertyPath: m_LocalEulerAnglesHint.x
      value: 0.000012531326
      objectReference: {fileID: 0}
    - target: {fileID: 1366122231024220069, guid: 3c60ceb5ae355af40974af047ded5cc4,
        type: 3}
      propertyPath: m_LocalEulerAnglesHint.y
      value: 0.00006785089
      objectReference: {fileID: 0}
    - target: {fileID: 1366122231024220069, guid: 3c60ceb5ae355af40974af047ded5cc4,
        type: 3}
      propertyPath: m_LocalEulerAnglesHint.z
      value: 0.000014694898
      objectReference: {fileID: 0}
    - target: {fileID: 2091312259791175846, guid: 3c60ceb5ae355af40974af047ded5cc4,
        type: 3}
      propertyPath: m_Layer
      value: 10
      objectReference: {fileID: 0}
    - target: {fileID: 2909854414882763310, guid: 3c60ceb5ae355af40974af047ded5cc4,
        type: 3}
      propertyPath: m_Layer
      value: 10
      objectReference: {fileID: 0}
    - target: {fileID: 3437958838626092626, guid: 3c60ceb5ae355af40974af047ded5cc4,
        type: 3}
      propertyPath: m_Layer
      value: 10
      objectReference: {fileID: 0}
    - target: {fileID: 3804070849213519011, guid: 3c60ceb5ae355af40974af047ded5cc4,
        type: 3}
      propertyPath: m_Layer
      value: 10
      objectReference: {fileID: 0}
    - target: {fileID: 3960210249790611477, guid: 3c60ceb5ae355af40974af047ded5cc4,
        type: 3}
      propertyPath: m_LocalEulerAnglesHint.x
      value: 0
      objectReference: {fileID: 0}
    - target: {fileID: 3960210249790611477, guid: 3c60ceb5ae355af40974af047ded5cc4,
        type: 3}
      propertyPath: m_LocalEulerAnglesHint.y
      value: 0
      objectReference: {fileID: 0}
    - target: {fileID: 3960210249790611477, guid: 3c60ceb5ae355af40974af047ded5cc4,
        type: 3}
      propertyPath: m_LocalEulerAnglesHint.z
      value: 0
      objectReference: {fileID: 0}
    - target: {fileID: 5399339932976139384, guid: 3c60ceb5ae355af40974af047ded5cc4,
        type: 3}
      propertyPath: m_Layer
      value: 10
      objectReference: {fileID: 0}
    - target: {fileID: 5866666021909216657, guid: 3c60ceb5ae355af40974af047ded5cc4,
        type: 3}
      propertyPath: m_ApplyRootMotion
      value: 0
      objectReference: {fileID: 0}
    - target: {fileID: 5866666021909216657, guid: 3c60ceb5ae355af40974af047ded5cc4,
        type: 3}
      propertyPath: m_Controller
      value: 
      objectReference: {fileID: 9100000, guid: ff98204d432fda4478d0305a5598c658, type: 2}
    - target: {fileID: 5866666021909216657, guid: 3c60ceb5ae355af40974af047ded5cc4,
        type: 3}
      propertyPath: m_Enabled
      value: 1
      objectReference: {fileID: 0}
    - target: {fileID: 5970069518445794328, guid: 3c60ceb5ae355af40974af047ded5cc4,
        type: 3}
      propertyPath: m_LocalEulerAnglesHint.x
      value: 89.98022
      objectReference: {fileID: 0}
    - target: {fileID: 5970069518445794328, guid: 3c60ceb5ae355af40974af047ded5cc4,
        type: 3}
      propertyPath: m_LocalEulerAnglesHint.y
      value: 0.0000037318446
      objectReference: {fileID: 0}
    - target: {fileID: 7036213049465896255, guid: 3c60ceb5ae355af40974af047ded5cc4,
        type: 3}
      propertyPath: m_Layer
      value: 10
      objectReference: {fileID: 0}
    - target: {fileID: 8212444260913801266, guid: 3c60ceb5ae355af40974af047ded5cc4,
        type: 3}
      propertyPath: m_LocalEulerAnglesHint.x
      value: 4.687218e-20
      objectReference: {fileID: 0}
    - target: {fileID: 8212444260913801266, guid: 3c60ceb5ae355af40974af047ded5cc4,
        type: 3}
      propertyPath: m_LocalEulerAnglesHint.y
      value: 0.00006785087
      objectReference: {fileID: 0}
    - target: {fileID: 8212444260913801266, guid: 3c60ceb5ae355af40974af047ded5cc4,
        type: 3}
      propertyPath: m_LocalEulerAnglesHint.z
      value: -1.126368e-14
      objectReference: {fileID: 0}
    - target: {fileID: 8528227402496630124, guid: 3c60ceb5ae355af40974af047ded5cc4,
        type: 3}
      propertyPath: m_Layer
      value: 10
      objectReference: {fileID: 0}
    - target: {fileID: 8879528566716807029, guid: 3c60ceb5ae355af40974af047ded5cc4,
        type: 3}
      propertyPath: m_LocalEulerAnglesHint.x
      value: -89.98021
      objectReference: {fileID: 0}
    - target: {fileID: 9017684591408771393, guid: 3c60ceb5ae355af40974af047ded5cc4,
        type: 3}
      propertyPath: m_Layer
      value: 10
      objectReference: {fileID: 0}
    m_RemovedComponents: []
  m_SourcePrefab: {fileID: 100100000, guid: 3c60ceb5ae355af40974af047ded5cc4, type: 3}
--- !u!95 &6441185491447239396 stripped
Animator:
  m_CorrespondingSourceObject: {fileID: 5866666021909216657, guid: 3c60ceb5ae355af40974af047ded5cc4,
    type: 3}
  m_PrefabInstance: {fileID: 579035508523167605}
  m_PrefabAsset: {fileID: 0}
--- !u!4 &1117909512563525790 stripped
Transform:
  m_CorrespondingSourceObject: {fileID: -8679921383154817045, guid: 3c60ceb5ae355af40974af047ded5cc4,
    type: 3}
  m_PrefabInstance: {fileID: 579035508523167605}
  m_PrefabAsset: {fileID: 0}
--- !u!1 &344609397190775332 stripped
GameObject:
  m_CorrespondingSourceObject: {fileID: 919132149155446097, guid: 3c60ceb5ae355af40974af047ded5cc4,
    type: 3}
  m_PrefabInstance: {fileID: 579035508523167605}
  m_PrefabAsset: {fileID: 0}
--- !u!1001 &4226975653176843309
PrefabInstance:
  m_ObjectHideFlags: 0
  serializedVersion: 2
  m_Modification:
    m_TransformParent: {fileID: 7436996947794200424}
    m_Modifications:
    - target: {fileID: 5048497396545448286, guid: 11640c7200c20ef4eb22e7095e1bb462,
        type: 3}
      propertyPath: m_Name
      value: EnemyGlowBot
      objectReference: {fileID: 0}
    - target: {fileID: 7493975604867246651, guid: 11640c7200c20ef4eb22e7095e1bb462,
        type: 3}
      propertyPath: m_LocalPosition.x
      value: 0
      objectReference: {fileID: 0}
    - target: {fileID: 7493975604867246651, guid: 11640c7200c20ef4eb22e7095e1bb462,
        type: 3}
      propertyPath: m_LocalPosition.y
      value: 0.39
      objectReference: {fileID: 0}
    - target: {fileID: 7493975604867246651, guid: 11640c7200c20ef4eb22e7095e1bb462,
        type: 3}
      propertyPath: m_LocalPosition.z
      value: 0
      objectReference: {fileID: 0}
    - target: {fileID: 7493975604867246651, guid: 11640c7200c20ef4eb22e7095e1bb462,
        type: 3}
      propertyPath: m_LocalRotation.x
      value: -0
      objectReference: {fileID: 0}
    - target: {fileID: 7493975604867246651, guid: 11640c7200c20ef4eb22e7095e1bb462,
        type: 3}
      propertyPath: m_LocalRotation.y
      value: -0
      objectReference: {fileID: 0}
    - target: {fileID: 7493975604867246651, guid: 11640c7200c20ef4eb22e7095e1bb462,
        type: 3}
      propertyPath: m_LocalRotation.z
      value: -0
      objectReference: {fileID: 0}
    - target: {fileID: 7493975604867246651, guid: 11640c7200c20ef4eb22e7095e1bb462,
        type: 3}
      propertyPath: m_LocalRotation.w
      value: 1
      objectReference: {fileID: 0}
    - target: {fileID: 7493975604867246651, guid: 11640c7200c20ef4eb22e7095e1bb462,
        type: 3}
      propertyPath: m_RootOrder
      value: 3
      objectReference: {fileID: 0}
    - target: {fileID: 7493975604867246651, guid: 11640c7200c20ef4eb22e7095e1bb462,
        type: 3}
      propertyPath: m_LocalEulerAnglesHint.x
      value: 0
      objectReference: {fileID: 0}
    - target: {fileID: 7493975604867246651, guid: 11640c7200c20ef4eb22e7095e1bb462,
        type: 3}
      propertyPath: m_LocalEulerAnglesHint.y
      value: 0
      objectReference: {fileID: 0}
    - target: {fileID: 7493975604867246651, guid: 11640c7200c20ef4eb22e7095e1bb462,
        type: 3}
      propertyPath: m_LocalEulerAnglesHint.z
      value: 0
      objectReference: {fileID: 0}
    - target: {fileID: 7493975604867246651, guid: 11640c7200c20ef4eb22e7095e1bb462,
        type: 3}
      propertyPath: m_LocalScale.x
      value: 2
      objectReference: {fileID: 0}
    - target: {fileID: 7493975604867246651, guid: 11640c7200c20ef4eb22e7095e1bb462,
        type: 3}
      propertyPath: m_LocalScale.y
      value: 2
      objectReference: {fileID: 0}
    - target: {fileID: 7493975604867246651, guid: 11640c7200c20ef4eb22e7095e1bb462,
        type: 3}
      propertyPath: m_LocalScale.z
      value: 2
      objectReference: {fileID: 0}
    m_RemovedComponents: []
  m_SourcePrefab: {fileID: 100100000, guid: 11640c7200c20ef4eb22e7095e1bb462, type: 3}
--- !u!4 &6725784016212637206 stripped
Transform:
  m_CorrespondingSourceObject: {fileID: 7493975604867246651, guid: 11640c7200c20ef4eb22e7095e1bb462,
    type: 3}
  m_PrefabInstance: {fileID: 4226975653176843309}
  m_PrefabAsset: {fileID: 0}
--- !u!1001 &4581500996506239409
PrefabInstance:
  m_ObjectHideFlags: 0
  serializedVersion: 2
  m_Modification:
    m_TransformParent: {fileID: 7436996947794200424}
    m_Modifications:
    - target: {fileID: -8679921383154817045, guid: 4438f9404303b424e86b11a2a2e7e6e5,
        type: 3}
      propertyPath: m_LocalPosition.x
      value: 0
      objectReference: {fileID: 0}
    - target: {fileID: -8679921383154817045, guid: 4438f9404303b424e86b11a2a2e7e6e5,
        type: 3}
      propertyPath: m_LocalPosition.y
      value: 0
      objectReference: {fileID: 0}
    - target: {fileID: -8679921383154817045, guid: 4438f9404303b424e86b11a2a2e7e6e5,
        type: 3}
      propertyPath: m_LocalPosition.z
      value: 0
      objectReference: {fileID: 0}
    - target: {fileID: -8679921383154817045, guid: 4438f9404303b424e86b11a2a2e7e6e5,
        type: 3}
      propertyPath: m_LocalRotation.x
      value: 0
      objectReference: {fileID: 0}
    - target: {fileID: -8679921383154817045, guid: 4438f9404303b424e86b11a2a2e7e6e5,
        type: 3}
      propertyPath: m_LocalRotation.y
      value: 0
      objectReference: {fileID: 0}
    - target: {fileID: -8679921383154817045, guid: 4438f9404303b424e86b11a2a2e7e6e5,
        type: 3}
      propertyPath: m_LocalRotation.z
      value: 0
      objectReference: {fileID: 0}
    - target: {fileID: -8679921383154817045, guid: 4438f9404303b424e86b11a2a2e7e6e5,
        type: 3}
      propertyPath: m_LocalRotation.w
      value: 1
      objectReference: {fileID: 0}
    - target: {fileID: -8679921383154817045, guid: 4438f9404303b424e86b11a2a2e7e6e5,
        type: 3}
      propertyPath: m_RootOrder
      value: 0
      objectReference: {fileID: 0}
    - target: {fileID: -8679921383154817045, guid: 4438f9404303b424e86b11a2a2e7e6e5,
        type: 3}
      propertyPath: m_LocalEulerAnglesHint.x
      value: 0
      objectReference: {fileID: 0}
    - target: {fileID: -8679921383154817045, guid: 4438f9404303b424e86b11a2a2e7e6e5,
        type: 3}
      propertyPath: m_LocalEulerAnglesHint.y
      value: 0
      objectReference: {fileID: 0}
    - target: {fileID: -8679921383154817045, guid: 4438f9404303b424e86b11a2a2e7e6e5,
        type: 3}
      propertyPath: m_LocalEulerAnglesHint.z
      value: 0
      objectReference: {fileID: 0}
    - target: {fileID: -3117311331082110348, guid: 4438f9404303b424e86b11a2a2e7e6e5,
        type: 3}
      propertyPath: m_Materials.Array.data[0]
      value: 
      objectReference: {fileID: 2100000, guid: 4ea417b5301d6974ba0568d20ad70db0, type: 2}
    - target: {fileID: 919132149155446097, guid: 4438f9404303b424e86b11a2a2e7e6e5,
        type: 3}
      propertyPath: m_Name
      value: corona final - 1 animation 1
      objectReference: {fileID: 0}
    - target: {fileID: 932524182508986775, guid: 4438f9404303b424e86b11a2a2e7e6e5,
        type: 3}
      propertyPath: m_Materials.Array.data[0]
      value: 
      objectReference: {fileID: 2100000, guid: 4ea417b5301d6974ba0568d20ad70db0, type: 2}
    - target: {fileID: 2132537654195172417, guid: 4438f9404303b424e86b11a2a2e7e6e5,
        type: 3}
      propertyPath: m_Materials.Array.data[0]
      value: 
      objectReference: {fileID: 2100000, guid: 4ea417b5301d6974ba0568d20ad70db0, type: 2}
    - target: {fileID: 5866666021909216657, guid: 4438f9404303b424e86b11a2a2e7e6e5,
        type: 3}
      propertyPath: m_ApplyRootMotion
      value: 0
      objectReference: {fileID: 0}
    - target: {fileID: 8417361359673230750, guid: 4438f9404303b424e86b11a2a2e7e6e5,
        type: 3}
      propertyPath: m_Materials.Array.data[0]
      value: 
      objectReference: {fileID: 2100000, guid: d3b36389da1256742a69714416a808e0, type: 2}
    - target: {fileID: 8743813690021804245, guid: 4438f9404303b424e86b11a2a2e7e6e5,
        type: 3}
      propertyPath: m_Materials.Array.data[0]
      value: 
      objectReference: {fileID: 2100000, guid: 95f63f41300417c48ab469fc36dd1f54, type: 2}
    m_RemovedComponents: []
  m_SourcePrefab: {fileID: 100100000, guid: 4438f9404303b424e86b11a2a2e7e6e5, type: 3}
--- !u!137 &5101600742408993124 stripped
SkinnedMeshRenderer:
  m_CorrespondingSourceObject: {fileID: 8743813690021804245, guid: 4438f9404303b424e86b11a2a2e7e6e5,
    type: 3}
  m_PrefabInstance: {fileID: 4581500996506239409}
  m_PrefabAsset: {fileID: 0}
--- !u!4 &4043805427860186714 stripped
Transform:
  m_CorrespondingSourceObject: {fileID: -8679921383154817045, guid: 4438f9404303b424e86b11a2a2e7e6e5,
    type: 3}
  m_PrefabInstance: {fileID: 4581500996506239409}
  m_PrefabAsset: {fileID: 0}
